@book{hansen_aero_2015,
	author = {Martin O. L. Hansen},
	title = {Aerodynamics of Wind Turbines},
	edition = {3rd edition},
	publisher = {Routledge},
	year = {2015}
}

@book{stewart_calculus_2006,
	author = {James Stewart},
	title = {Calculus, concepts and contexts},
	edition = {3rd edition},
	publisher = {Thompson Brooks/Cole},
	year = {2006}
}

@book{katz_lowspeed_2001,
	author = {J. Katz and A. Plotkin},
	title = {Low-speed aerodynamics},
	edition = {2nd edition},
	publisher = {Cambridge University Press},
	year = {2001}
}

@misc{slide6,
	author = {Jens N. S\o rensen},
	title = {Basic Aerodynamics - Lecture 6 slides - Lifting line theory},
	year = {2018}
}

@book{anderson_fundamentals_2016,
	author = {John Anderson},
	title = {Fundamentals of Aerodynamics},
	edition = {6th edition},
	publisher = {McGraw Hill},
	year = {2016}
}


@book{currie,
	author = {I.G. Currie},
	title = {Fundamental Mechanics of Fluids},
	edition = {3rd edition},
	publisher = {CRC Press},
	year = {2002}
}



@book{turbulent_pope_2000,
  author        = "S.B. Pope",
  title         = "Turbulent flows",
  publisher     = "Cambridge University Press",
  year          = "2000"
}


@book{turbulence_wyngaard_2010,
  author        = "J.C. Wyngaard",
  title         = "Turbulence in the Atmosphere",
  publisher     = "Cambridge University Press",
  year          = "2010"
}


@book{taylor_classical_2005,
	author = {John R. Taylor},
	title = {Classical Mechanics},
	edition = {1st edition},
	publisher = {University Science Books},
	year = {2005}
}

@book{schaums,
	author = {Murray R. Spiegel and John Liu},
	title = {Schaums Mathematical Handbook of Formulas and Tables},
	edition = {2nd edition},
	publisher = {McGraw-Hill},
	year = {1998}
}

@book{micromet_2017,
  author        = "Berg, Jacob and Kelly, Mark",
  title         = "Introduction to micrometereology notes",
  publisher     = "DTU",
  year          = "2017"
}


@book{press_numerical_recipes,
 author = {Press, William H. and Teukolsky, Saul A. and Vetterling, William T. and Flannery, Brian P.},
 title = {Numerical Recipes in C (2Nd Ed.): The Art of Scientific Computing},
 year = {1992},
 isbn = {0-521-43108-5},
 publisher = {Cambridge University Press},
 address = {New York, NY, USA},
} 

@online{righthandrule,
author = {Wikipedia},
title = {Right-hand rule},
url = {https://en.wikipedia.org/wiki/Right-hand_rule},
urldate = {2020-02-07},
year = {2020}
}
